<?xml version="1.0" encoding="UTF-8"?><collection xmlns="http://www.loc.gov/MARC21/slim"><record><leader>00539nam--2200169-i-4500</leader><controlfield tag="001">000046916</controlfield><controlfield tag="002">20161230</controlfield><controlfield tag="005">20161230201046</controlfield><controlfield tag="008">060222s1000------------r-----000-0-eng-d</controlfield><datafield ind1=" " ind2=" " tag="040"><subfield code="a">IFIN-HH</subfield></datafield><datafield ind1=" " ind2=" " tag="080"><subfield code="a">539.171:518.6.512.831</subfield></datafield><datafield ind1="1" ind2=" " tag="100"><subfield code="a">Warnock, Robert L</subfield></datafield><datafield ind1="1" ind2="0" tag="245"><subfield code="a">Some new methods for numerical solution of nonlinear equations, with suggested applications in s matrix theory</subfield><subfield code="c">Robert l. warnock</subfield></datafield><datafield ind1=" " ind2=" " tag="260"><subfield code="a">Bonn</subfield><subfield code="b">Physikalisches Institut</subfield><subfield code="c">1972</subfield></datafield><datafield ind1=" " ind2=" " tag="300"><subfield code="a">49P.+4 P.FIG</subfield></datafield><datafield ind1=" " ind2=" " tag="852"><subfield code="a">8338</subfield><subfield code="c">539.17</subfield></datafield><datafield ind1=" " ind2=" " tag="CAT"><subfield code="a">Sys</subfield><subfield code="c">20120528</subfield><subfield code="h">162108</subfield></datafield></record></collection>